<?xml version="1.0" encoding="UTF-8"?><collection xmlns="http://www.loc.gov/MARC21/slim"><record><leader>00503nam--2200181-i-4500</leader><controlfield tag="001">000036201</controlfield><controlfield tag="002">20161230</controlfield><controlfield tag="005">20161230201040</controlfield><controlfield tag="008">060222s1000------------r-----000-0-rum-d</controlfield><datafield ind1=" " ind2=" " tag="040"><subfield code="a">IFIN-HH</subfield></datafield><datafield ind1=" " ind2=" " tag="041"><subfield code="a">rum</subfield></datafield><datafield ind1=" " ind2=" " tag="080"><subfield code="a">550.344.094(043)</subfield></datafield><datafield ind1="1" ind2=" " tag="100"><subfield code="a">Oancea, Victoria</subfield></datafield><datafield ind1="1" ind2="0" tag="245"><subfield code="a">Variatii spatio-temporale ale atenuarii undelor seismice pe teritoriul romaniei</subfield><subfield code="b">Teza</subfield><subfield code="c">Victoria oancea</subfield></datafield><datafield ind1=" " ind2=" " tag="260"><subfield code="a">Bucuresti</subfield><subfield code="b">Ifa</subfield><subfield code="c">1999</subfield></datafield><datafield ind1=" " ind2=" " tag="300"><subfield code="a">221P</subfield></datafield><datafield ind1=" " ind2=" " tag="852"><subfield code="a">80951</subfield><subfield code="c">550.3</subfield></datafield><datafield ind1=" " ind2=" " tag="CAT"><subfield code="a">Sys</subfield><subfield code="c">20110408</subfield><subfield code="h">102243</subfield></datafield></record></collection>